@book{GoodfellowDeepLearning,
  author    = {Ian Goodfellow AND Yoshua Bengio AND Aaron Courville},
  note      = {\url{http://www.deeplearningbook.org}},
  publisher = {MIT Press},
  title     = {Deep Learning},
  year      = {2016},
}